
@book{patterson_computer_1998,
	edition = {2},
	title = {Computer organization and design: the hardware/software interface},
	isbn = {1-55860-491-X},
	publisher = {Newnes},
	author = {Patterson, David A. and Hennessy, John L.},
	year = {1998},
	annote = {Network definition, 21, 651f
Branch cost on stall, 442 f
Branch execution time, 496-498
Buses, 655-673
Network topologies, 736-739
Multiple CPUs, 727
When assembly trumps compiled, A-7 ff
 
 }
}

@inproceedings{li_prototype_2015,
	title = {Prototype of {White Rabbit} network in {LHAASO}},
	booktitle = {Proc. of the {International} {Conference} on {Accelerator} and {Large} {Experimental} {Physics} {Control} {Systems} {ICALEPCS}},
	url = {http://icalepcs.synchrotron.org.au/papers/wepgf126.pdf},
	urldate = {2016-12-30},
	author = {Li, HongMing and Gong, GuangHua},
	year = {2015},
	file = {wepgf126.pdf:C\:\\Users\\samuraiburger\\AppData\\Roaming\\Mozilla\\Firefox\\Profiles\\7ki7ncvd.default\\zotero\\storage\\MKQM7SCS\\wepgf126.pdf:application/pdf}
}

@inproceedings{kumar_interactive_2007,
	title = {Interactive presentation: {An} {FPGA} design flow for reconfigurable network-based multi-processor systems on chip},
	shorttitle = {Interactive presentation},
	url = {http://dl.acm.org/citation.cfm?id=1266393},
	urldate = {2016-05-09},
	booktitle = {Proceedings of the conference on {Design}, automation and test in {Europe}},
	publisher = {EDA Consortium},
	author = {Kumar, Akash and Hansson, Andreas and Huisken, Jos and Corporaal, Henk},
	year = {2007},
	pages = {117--122},
	file = {reconf_nw_multi_cpu.pdf:C\:\\Users\\samuraiburger\\AppData\\Roaming\\Mozilla\\Firefox\\Profiles\\7ki7ncvd.default\\zotero\\storage\\3GKFVSCR\\reconf_nw_multi_cpu.pdf:application/pdf}
}

@inproceedings{serrano_white_2013,
	title = {{The White Rabbit project}},
	author = {Serrano, Javier and Lipi{\'n}ski, M. and W{\l}ostowski, T. and Gousiou, E. and van der Bij, Erik and Cattin, M. and Daniluk, G.},
        url = {http://cds.cern.ch/record/1743073/files/thbl2.pdf},
	urldate = {2016-05-09},
	booktitle = {Proceedings of the 2nd International Beam Instrumentation Conference (IBIC2013)},
	publisher = {EDA Consortium},
	year = {2013}
}

@article{deeths_using_2001,
	title = {Using {NTP} to control and synchronize system clocks-part i: {Introduction} to {NTP}},
	journal = {Sun BluePrints OnLine-July},
	author = {Deeths, David and Brunette, Glenn and BluePrints, Sun},
	year = {2001}
}

@inproceedings{lee_ieee_2005,
	title = {{IEEE} 1588-standard for a precision clock synchronization protocol for networked measurement and control systems},
	volume = {1588},
	booktitle = {Conference on {IEEE}},
	author = {Lee, Kang and Eidson, John C and Weibel, Hans and Mohl, Dirk},
	year = {2005},
	pages = {2}
}

@article{nelson_leap_2001,
	title = {The leap second: its history and possible future},
	volume = {38},
	number = {6},
	journal = {Metrologia},
	author = {Nelson, Robert Arnold and McCarthy, Dennis Dean and Malys, Stephen and Levine, Judah and Guinot, Bernard and Fliegel, Henry Frederick and Beard, Ronald L. and Bartholomew, T. R.},
	year = {2001},
	pages = {509}
}

@inproceedings{terpstra_case_2011,
	title = {The {Case} for {Soft}-{CPUs} in {Accelerator} {Control} {Systems}},
	booktitle = {Proc. of the {International} {Conference} on {Accelerator} and {Large} {Experimental} {Physics} {Control} {Systems} {ICALEPCS}},
	author = {Terpstra, W.},
	month = oct,
	year = {2011},
	pages = {1252--1255},
	file = {thchmust05.pdf:C\:\\Users\\samuraiburger\\AppData\\Roaming\\Mozilla\\Firefox\\Profiles\\7ki7ncvd.default\\zotero\\storage\\2RSN342J\\thchmust05.pdf:application/pdf}
}

@inproceedings{ovchinnikov_development_2012,
	title = {Development of {NPL} {Rb} fountain frequency standard},
	booktitle = {European {Frequency} and {Time} {Forum} ({EFTF}), 2012},
	publisher = {IEEE},
	author = {Ovchinnikov, Yuri B},
	year = {2012},
	pages = {96--100}
}

@book{schopper_advances_1993,
	title = {Advances of {Accelerator} {Physics} and {Technologies}},
        isbn = {981-02-0957-6},
	publisher = {World Scientific},
	author = {Schopper, Herwig},
	year = {1993}
}

@book{picking_proceedings_2013,
	title = {Proceedings of the {Fifth} {International} {Conference} on {Internet} {Technologies} and {Applications} ({ITA} 13): 10 - 13 {September} 2013, {Glyndwr} {University},{Wrexham}, {UK}},
	isbn = {978-0-946881-81-9},
	url = {https://books.google.de/books?id=oBhMnwEACAAJ},
	publisher = {North East Wales Institute},
	author = {Picking, R. and Cunningham, S. and Houlden, N. and Oram, D. and Grout, V. and Mayers, J.},
	year = {2013}
}

@inproceedings{han_deterministic_2002,
	title = {Deterministic sorting in {O} (n log log n) time and linear space},
	booktitle = {Proceedings of the thiry-fourth annual {ACM} symposium on {Theory} of computing},
	publisher = {ACM},
	author = {Han, Yijie},
	year = {2002},
	pages = {602--608}
}

@article{aweya_emerging_2012,
	title = {Emerging {Applications} of {Synchronous} {Ethernet} in {Telecommunication} {Networks}},
	volume = {12},
	issn = {1531-636X},
	url = {http://ieeexplore.ieee.org/lpdocs/epic03/wrapper.htm?arnumber=6203701},
	doi = {10.1109/MCAS.2012.2193437},
	number = {2},
	urldate = {2016-06-06},
	journal = {IEEE Circuits and Systems Magazine},
	author = {Aweya, J.},
	year = {2012},
	pages = {56--72},
	file = {sync_eth_app.pdf:C\:\\Users\\samuraiburger\\AppData\\Roaming\\Mozilla\\Firefox\\Profiles\\7ki7ncvd.default\\zotero\\storage\\GB93CWNM\\sync_eth_app.pdf:application/pdf}
}

@misc{tektronix_understanding_2003,
	title = {Understanding and {Characterizing} {Timing} {Jitter}},
	url = {info.tek.com/rs/tektronix/images/55W_16146_5_MR_Letter.pdf},
	urldate = {2016-11-25},
	author = {{Tektronix Inc.}},
	month = aug,
	year = {2003},
	file = {55W_16146_5_MR_Letter.pdf:C\:\\Users\\samuraiburger\\AppData\\Roaming\\Mozilla\\Firefox\\Profiles\\7ki7ncvd.default\\zotero\\storage\\HVK3TMMB\\55W_16146_5_MR_Letter.pdf:application/pdf}
}

@misc{_jitter_????,
	title = {Jitter and measurement},
	file = {AN10007-Jitter-and-measurement.pdf:C\:\\Users\\samuraiburger\\AppData\\Roaming\\Mozilla\\Firefox\\Profiles\\7ki7ncvd.default\\zotero\\storage\\S9PBDHH4\\AN10007-Jitter-and-measurement.pdf:application/pdf}
}

@book{international_workshop_on_personal_computers_and_particle_accelerator_controls_pcapac2014_2015,
	address = {Eggenstein-Leopoldshafen},
	title = {{PCaPAC}2014 proceedings of the 10th {International} workshop on personal computers and particle accelerator controls},
	isbn = {978-3-95450-146-5},
	url = {http://accelconf.web.cern.ch/1E2790D3-C34E-4E94-806A-EB670A9C6B4A/FinalDownload/DownloadId-0A05DAA3CCE5C084AC64AC1B31F1D956/1E2790D3-C34E-4E94-806A-EB670A9C6B4A/AccelConf/PCaPAC2014/papers/proceed.pdf},
	language = {English},
	urldate = {2016-11-28},
	publisher = {Synchrotron radiation source ANKA},
	author = {{International workshop on personal computers and particle accelerator controls}},
	year = {2015},
	note = {OCLC: 945432373},
	file = {tco304(1).pdf:C\:\\Users\\samuraiburger\\AppData\\Roaming\\Mozilla\\Firefox\\Profiles\\7ki7ncvd.default\\zotero\\storage\\PJCIMHVT\\tco304(1).pdf:application/pdf}
}

@inproceedings{rashti_10-gigabit_2007,
	title = {10-{Gigabit} {iWarp} {Ethernet}: {Comparative} {Performance} {Analysis} with {Infiniband} and {Myrinet}-10G},
	booktitle = {Proc. of the {International} {Parallel} and {Distributed} {Processing} {Symposium}},
	author = {Rashti, M. J. and Afsahi, A.},
	month = mar,
	year = {2007}
}

@article{lombardi_computer_2000,
	title = {Computer time synchronization},
	url = {http://elektron.pol.lublin.pl/users/ELEKP/ap_notes/NIST_comp_time_synchro.pdf},
	urldate = {2016-06-13},
	journal = {{NIST, Time and Frequency Division}},
	author = {Lombardi, Michael A.},
	year = {2000},
	file = {computertime.pdf:C\:\\Users\\samuraiburger\\AppData\\Roaming\\Mozilla\\Firefox\\Profiles\\7ki7ncvd.default\\zotero\\storage\\BG7D2QHF\\computertime.pdf:application/pdf}
}

@inproceedings{moreira_white_2009,
	title = {White {Rabbit}: {Sub}-{Nanosecond} {Timing} {Distribution} over {Ethernet}},
	booktitle = {Proc. of the {International} {Symposium} on {Precision} {Clock} {Synchronization} for {Measurement}, {Control} and {Communication} {ISPCS}},
	author = {Moreira, P. and Serrano, J. and W{\l}ostowski, T. and Loschmidt, P. and Gaderer, G.},
	month = oct,
	year = {2009},
	pages = {1--5}
}

@inproceedings{bondorf_discodnc_2014,
	title = {The {DiscoDNC} v2: a comprehensive tool for deterministic network calculus},
	shorttitle = {The {DiscoDNC} v2},
	url = {http://dl.acm.org/citation.cfm?id=2747659},
	urldate = {2016-10-16},
	booktitle = {Proceedings of the 8th {International} {Conference} on {Performance} {Evaluation} {Methodologies} and {Tools}},
	publisher = {ICST (Institute for Computer Sciences, Social-Informatics and Telecommunications Engineering)},
	author = {Bondorf, Steffen and Schmitt, Jens B.},
	year = {2014},
	pages = {44--49},
	file = {BS14(1).pdf:C\:\\Users\\samuraiburger\\AppData\\Roaming\\Mozilla\\Firefox\\Profiles\\7ki7ncvd.default\\zotero\\storage\\3PD4I8RF\\BS14(1).pdf:application/pdf}
}

@misc{oxford_dictionary_2016,
	title = {{Oxford} dictionary},
	url = {http://www.oxforddictionaries.com/definition/english/clock},
	urldate = {2016-05-29},
	publisher = {Oxford University Press},
	annote = {A distinct set of conductors carrying data and control signals within a computer system, to which pieces of equipment may be connected in parallel.}
}

@article{bondorf_delay_2016,
	title = {Delay {Bounds} in {Feed}-{Forward} {Networks}-{A} {Fast} and {Accurate} {Network} {Calculus} {Solution}},
	url = {http://arxiv.org/abs/1603.02094},
	urldate = {2016-10-16},
	journal = {arXiv preprint arXiv:1603.02094},
	author = {Bondorf, Steffen and Nikolaus, Paul and Schmitt, Jens B.},
	year = {2016},
	file = {1603.02094v1.pdf:C\:\\Users\\samuraiburger\\AppData\\Roaming\\Mozilla\\Firefox\\Profiles\\7ki7ncvd.default\\zotero\\storage\\BXFGCTWC\\1603.02094v1.pdf:application/pdf}
}

@book{kent_encyclopedia_1993,
	title = {Encyclopedia of {Computer} {Science} and {Technology}: {Volume} 29-{Supplement} 14: {Agent}-{Oriented} {Programming} to {Socio}-{Organizational} {Aspects} of {Expert} {System} {Design}},
	volume = {29},
	publisher = {CRC Press},
	author = {Kent, Allen and Williams, James G},
	year = {1993}
}

@article{lombardi_time_2001,
	title = {Time and frequency measurements using the global positioning system},
	volume = {8},
	url = {http://www.glb.nist.gov/calibrations/upload/1424.pdf},
	number = {3},
	urldate = {2016-06-11},
	journal = {Cal Lab: International Journal of Metrology},
	author = {Lombardi, Michael A. and Nelson, Lisa M. and Novick, Andrew N. and Zhang, Victor S.},
	year = {2001},
	pages = {26--33},
	file = {1424.pdf:C\:\\Users\\samuraiburger\\AppData\\Roaming\\Mozilla\\Firefox\\Profiles\\7ki7ncvd.default\\zotero\\storage\\EPHDI9V7\\1424.pdf:application/pdf}
}

@inproceedings{romanow_overview_2003,
	title = {An {Overview} of {RDMA} over {IP}},
	booktitle = {Proc. of the {First} {International} {Workshop} on {Protocols} for {Fast} {Long}-{Distance} {Networks} {PFLDnet}},
	author = {Romanow, A. and Bailey, S.},
	month = feb,
	year = {2003}
}

@misc{lattice_semiconductor_lm32-user-guide_2014,
	title = {{LM}32-{User}-{Guide}},
	author = {Lattice Semiconductor},
	year = {2014},
	file = {LatticeMico32HWDeveloperUG36.pdf:C\:\\Users\\samuraiburger\\AppData\\Roaming\\Mozilla\\Firefox\\Profiles\\7ki7ncvd.default\\zotero\\storage\\MXJZSX4F\\LatticeMico32HWDeveloperUG36.pdf:application/pdf}
}

@article{shoch_evolution_1982,
	title = {Evolution of the {Ethernet} local computer network},
	volume = {15},
	number = {8},
	journal = {Computer},
	author = {Shoch, John F. and Dalal, Yogen K. and Redell, David D. and Crane, Ronald C.},
	year = {1982},
	pages = {10--27},
	file = {eth_evolution.pdf:C\:\\Users\\samuraiburger\\AppData\\Roaming\\Mozilla\\Firefox\\Profiles\\7ki7ncvd.default\\zotero\\storage\\VTQQJH8B\\eth_evolution.pdf:application/pdf}
}

@techreport{altera_embedded_2014,
	title = {Embedded {Memory} {Blocks} in {Arria} {V} {Devices}},
	url = {www.altera.com/literature/hb/arria-v/av_52002.pdf},
	urldate = {2016-08-05},
	author = {{Altera Corp.}},
	year = {2014}
}

@book{ao_world_2008,
	address = {Hong Kong},
	series = {Lecture notes in engineering and computer science},
	title = {World {Congress} on {Engineering} and {Computer} {Science}, {WCECS} 2008, {San} {Francisco}, {USA}, 22 - 24 {October}, 2008},
	isbn = {978-988-98671-0-2},
	language = {eng},
	publisher = {IAENG International Association of Engineers},
	editor = {Ao, S. I. and {International Association of Engineers}},
	year = {2008},
	file = {WCECS2008_pp1191-1194.pdf:C\:\\Users\\samuraiburger\\AppData\\Roaming\\Mozilla\\Firefox\\Profiles\\7ki7ncvd.default\\zotero\\storage\\B936M9IM\\WCECS2008_pp1191-1194.pdf:application/pdf}
}

@article{cruz_calculus_1991,
	title = {A calculus for network delay. {I}. {Network} elements in isolation},
	volume = {37},
	url = {http://ieeexplore.ieee.org/xpls/abs_all.jsp?arnumber=61109},
	number = {1},
	urldate = {2016-09-25},
	journal = {{IEEE} Transactions on information theory},
	author = {Cruz, Rene L.},
	year = {1991},
	pages = {114--131},
	file = {00061109.pdf:C\:\\Users\\samuraiburger\\AppData\\Roaming\\Mozilla\\Firefox\\Profiles\\7ki7ncvd.default\\zotero\\storage\\GAS2P3D9\\00061109.pdf:application/pdf}
}

@misc{beck_first_2015,
	title = {First beam with {WR} based timing system at {GSI}},
	url = {http://lists.ohwr.org/sympa/arc/white-rabbit-dev/2015-06/msg00018.html},
	urldate = {2016-02-11},
	author = {Beck, Dietrich},
	month = dec,
	year = {2015},
	howpublished = {WR development mailing list}
}

@article{steiner_gsi_1990,
	title = {The {GSI} control system},
	author = {Steiner, R. and Englert, G. and R{\"o}sch, W. and Brandis, H. and H{\"u}bner, H. and Schaffner, E.},
	year = {1990},
	file = {p21.pdf:C\:\\Users\\samuraiburger\\AppData\\Roaming\\Mozilla\\Firefox\\Profiles\\7ki7ncvd.default\\zotero\\storage\\4JX42BGN\\p21.pdf:application/pdf}
}

@article{aroca_real_2009,
	title = {A real time operating systems ({RTOS}) comparison},
	url = {http://home.iitj.ac.in/~saurabh.heda/Papers/Survey/RTOS%20Performance%20Comparison%20-2008.pdf},
	urldate = {2016-10-03},
	author = {Aroca, Rafael V. and Caurin, Glauco},
	year = {2009},
	file = {RTOS Performance Comparison -2008.pdf:C\:\\Users\\samuraiburger\\AppData\\Roaming\\Mozilla\\Firefox\\Profiles\\7ki7ncvd.default\\zotero\\storage\\352U92QR\\RTOS Performance Comparison -2008.pdf:application/pdf}
}

@article{kreider_open_2012,
	title = {Open borders for system-on-a-chip buses: {A} wire format for connecting large physics controls},
	volume = {15},
	issn = {1098-4402},
	shorttitle = {Open borders for system-on-a-chip buses},
	url = {http://link.aps.org/doi/10.1103/PhysRevSTAB.15.082801},
	doi = {10.1103/PhysRevSTAB.15.082801},
	language = {en},
	number = {8},
	urldate = {2016-05-09},
	journal = {Physical Review Special Topics - Accelerators and Beams},
	author = {Kreider, M. and B{\"a}r, R. and Beck, D. and Terpstra, W. and Davies, J. and Grout, V. and Lewis, J. and Serrano, J. and W{\l}ostowski, T.},
	month = aug,
	year = {2012},
	file = {eb_article.pdf:C\:\\Users\\samuraiburger\\AppData\\Roaming\\Mozilla\\Firefox\\Profiles\\7ki7ncvd.default\\zotero\\storage\\5GVXRIV4\\eb_article.pdf:application/pdf}
}

@article{peczarski_new_2004,
	title = {New results in minimum-comparison sorting},
	volume = {40},
	number = {2},
	journal = {Algorithmica},
	author = {Peczarski, Marcin},
	year = {2004},
	pages = {133--145}
}

@article{liu_high_2004,
	title = {High {Performance} {RDMA} {Based} {MPI} {Implementation} over {Infiniband}},
	volume = {32},
	number = {3},
	journal = {International Journal on parallel programming},
	author = {Liu, J. and Wu, J. and Panda, D. K.},
	year = {2004},
	pages = {167--198}
}

@inproceedings{daniel_ethernet-natural_1996,
	title = {Ethernet-a natural evolution for remote {I}/{O}},
	url = {http://ieeexplore.ieee.org/xpls/abs_all.jsp?arnumber=554595},
	urldate = {2016-06-06},
	booktitle = {{WESCON}/96},
	publisher = {IEEE},
	author = {Daniel, Richard A.},
	year = {1996},
	pages = {610--616},
	file = {eth_nat_evolution.pdf:C\:\\Users\\samuraiburger\\AppData\\Roaming\\Mozilla\\Firefox\\Profiles\\7ki7ncvd.default\\zotero\\storage\\2GK5W3KP\\eth_nat_evolution.pdf:application/pdf}
}

@article{milnes_mast_2015,
	title = {{MAST} {Upgrade}–{Construction} {Status}},
	volume = {96},
	url = {http://www.sciencedirect.com/science/article/pii/S092037961500160X},
	urldate = {2016-12-30},
	journal = {Fusion Engineering and Design},
	author = {Milnes, Joe and Ayed, Nizar Ben and Dhalla, Fahim and Fishpool, Geoff and Hill, John and Katramados, Ioannis and Martin, Richard and Naylor, Graham and O’Gorman, Tom and Scannell, Rory and {others}},
	year = {2015},
	pages = {42--47},
	file = {1503.06677.pdf:C\:\\Users\\samuraiburger\\AppData\\Roaming\\Mozilla\\Firefox\\Profiles\\7ki7ncvd.default\\zotero\\storage\\79ZRTA2R\\1503.06677.pdf:application/pdf}
}

@article{mills_ntp_2004,
	title = {{NTP} performance analysis},
	url = {http://www.cis.udel.edu/~mills/database/brief/perf/perf.pdf},
	urldate = {2016-11-10},
	author = {Mills, David L.},
	year = {2004},
	file = {perf.pdf:C\:\\Users\\samuraiburger\\AppData\\Roaming\\Mozilla\\Firefox\\Profiles\\7ki7ncvd.default\\zotero\\storage\\DB7TN2WJ\\perf.pdf:application/pdf}
}

@misc{gsi_gsi_2012,
	title = {{GSI} {Public} {Relations} {Material}},
	author = {GSI},
	year = {2012}
}

@inproceedings{mazaheri_master_1991,
	title = {Master timing and {TOF} module},
	url = {http://inspirehep.net/record/320007/files/slac-pub-5661.pdf},
	urldate = {2016-06-18},
	author = {Mazaheri, G.},
	year = {1991},
	file = {slac-pub-5661.pdf:C\:\\Users\\samuraiburger\\AppData\\Roaming\\Mozilla\\Firefox\\Profiles\\7ki7ncvd.default\\zotero\\storage\\4ZCCD4AS\\slac-pub-5661.pdf:application/pdf}
}

@inproceedings{alachiotis_efficient_2010,
	series = {{CIT} '10},
	title = {Efficient {PC}-{FPGA} {Communication} over {Gigabit} {Ethernet}},
	isbn = {978-0-7695-4108-2},
	booktitle = {Proc. of the 2010 10th {IEEE} {International} {Conference} on {Computer} and {Information} {Technology}},
	author = {Alachiotis, N. and Berger, S. A. and Stamatakis, A.},
	year = {2010},
	pages = {1727--1734}
}

@book{strehl_beam_2006,
	title = {Beam instrumentation and diagnostics},
	isbn = {3-540-26401-9},
	volume = {120},
	publisher = {Springer},
	author = {Strehl, Peter},
	year = {2006}
}

@article{klingbeil_new_2011,
	title = {New digital low-level {RF} system for heavy-ion synchrotrons},
	volume = {14},
	issn = {1098-4402},
	url = {http://link.aps.org/doi/10.1103/PhysRevSTAB.14.102802},
	doi = {10.1103/PhysRevSTAB.14.102802},
	language = {en},
	number = {10},
	urldate = {2016-11-30},
	journal = {Physical Review Special Topics - Accelerators and Beams},
	author = {Klingbeil, Harald and Laier, Ulrich and Ningel, Klaus-Peter and Sch{\"a}fer, Stefan and Thielmann, Christof and Zipfel, Bernhard},
	month = oct,
	year = {2011},
	file = {PhysRevSTAB.14.102802.pdf:C\:\\Users\\samuraiburger\\AppData\\Roaming\\Mozilla\\Firefox\\Profiles\\7ki7ncvd.default\\zotero\\storage\\N7KPUSM9\\PhysRevSTAB.14.102802.pdf:application/pdf}
}

@book{ieee_standard_1988,
	title = {Standard {VHDL} {Language} {Reference} {Manual}},
	author = {{The Institute of Electrical and Electronics Engineers (IEEE)}},
	year = {1988},
	file = {vhdl-standard-iss-1987.pdf:C\:\\Users\\samuraiburger\\AppData\\Roaming\\Mozilla\\Firefox\\Profiles\\7ki7ncvd.default\\zotero\\storage\\BU9IB6VS\\vhdl-standard-iss-1987.pdf:application/pdf}
}

@misc{ohwr_users_2016,
	title = {Users of {White} {Rabbit} {Technology}},
	url = {http://www.ohwr.org/projects/white-rabbit/wiki/WRUsers},
	urldate = {2016-11-30},
	author = {{Open Hardware Repository (OHWR)}},
	month = nov,
	year = {2016}
}

@article{hoang_minimum_2004,
	title = {Minimum {EDF}-feasible deadline calculation with low-time complexity},
	url = {http://www.diva-portal.org/smash/record.jsf?pid=diva2:239975},
	urldate = {2016-05-09},
	author = {Hoang, Hoai and Karlsson, Stefan and Jonsson, Magnus},
	year = {2004},
	file = {min_edf_deadline.pdf:C\:\\Users\\samuraiburger\\AppData\\Roaming\\Mozilla\\Firefox\\Profiles\\7ki7ncvd.default\\zotero\\storage\\GMB9VNSM\\min_edf_deadline.pdf:application/pdf}
}

@article{oliphant_acceleration_1943,
	title = {The acceleration of particles to very high energies},
	journal = {Classified memo submitted to DSIR University of Birmingham Archive},
	author = {Oliphant, M.},
	year = {1943}
}

@inproceedings{kreider_launching_2015,
	address = {Eggenstein-Leopoldshafen},
	title = {Launching the {FAIR} {Timing} {System} with {CRYRING}},
	isbn = {978-3-95450-146-5},
	url = {http://accelconf.web.cern.ch/1E2790D3-C34E-4E94-806A-EB670A9C6B4A/FinalDownload/DownloadId-0A05DAA3CCE5C084AC64AC1B31F1D956/1E2790D3-C34E-4E94-806A-EB670A9C6B4A/AccelConf/PCaPAC2014/papers/proceed.pdf},
	language = {English},
	urldate = {2016-11-28},
	booktitle = {Proceedings of the 10th {International} workshop on personal computers and particle accelerator controls},
	publisher = {Synchrotron radiation source ANKA},
	author = {Kreider, M. and Bai, J. and Beck, D. and Hahn, A. and Prados, C. and Rauch, S. and Terpstra, W. W. and Zweig, M.},
	year = {2015},
	note = {OCLC: 945432373},
	pages = {152--154},
	file = {tco304(1).pdf:C\:\\Users\\samuraiburger\\AppData\\Roaming\\Mozilla\\Firefox\\Profiles\\7ki7ncvd.default\\zotero\\storage\\A8GNJCDF\\tco304(1).pdf:application/pdf}
}

@inproceedings{ying_performance_2005,
	title = {A {Performance} {Evaluation} of {Using} {SOAP} with {Attachments} for e-{Science}},
	booktitle = {In {Proc}. of the {UK} e-{Science} {All} {Hands} {Meeting}},
	author = {Ying, Ying and Huang, Yan and Walker, David W.},
	year = {2005},
	pages = {796--803}
}

@techreport{postel_transmission_1981,
	type = {{RFC}},
	title = {Transmission {Control} {Protocol}},
	url = {http://www.rfc-editor.org/rfc/rfc793.txt},
	number = {793},
	institution = {Internet Engineering Task Force},
	author = {Postel, J. B.},
	month = sep,
	year = {1981},
	pages = {85}
}

@inproceedings{imamoto_recursive_2008,
	title = {A {Recursive} {Descent} {Algorithm} for {Finding} the {Optimal} {Minimax} {Piecewise} {Linear} {Approximation} of {Convex} {Functions}},
	doi = {10.1109/WCECS.2008.42},
	booktitle = {World {Congress} on {Engineering} and {Computer} {Science} 2008, {WCECS} '08. {Advances} in {Electrical} and {Electronics} {Engineering} - {IAENG} {Special} {Edition} of the},
	author = {Imamoto, A. and Tang, B.},
	month = oct,
	year = {2008},
	keywords = {Application software, approximation, Approximation algorithms, Computer applications, Computer science, convex differentiable function, convex programming, differential equations, function approximation, Hardware, Joining processes, linear, minimax, minimax techniques, optimal, optimal minimax piecewise linear approximation, piecewise, Piecewise linear approximation, piecewise linear techniques, recursive descent algorithm, recursive functions},
	pages = {287--293},
	file = {WCECS2008_pp1191-1194.pdf:C\:\\Users\\samuraiburger\\AppData\\Roaming\\Mozilla\\Firefox\\Profiles\\7ki7ncvd.default\\zotero\\storage\\JJGBG7J6\\WCECS2008_pp1191-1194.pdf:application/pdf}
}

@inproceedings{potter_using_1999,
	title = {Using {Ethernet} for industrial {I}/{O} and data acquisition},
	volume = {3},
	url = {http://ieeexplore.ieee.org/xpls/abs_all.jsp?arnumber=776075},
	urldate = {2016-06-06},
	booktitle = {Instrumentation and {Measurement} {Technology} {Conference}, 1999. {IMTC}/99. {Proceedings} of the 16th {IEEE}},
	publisher = {IEEE},
	author = {Potter, David},
	year = {1999},
	pages = {1492--1496},
	file = {eth_indust_IO.pdf:C\:\\Users\\samuraiburger\\AppData\\Roaming\\Mozilla\\Firefox\\Profiles\\7ki7ncvd.default\\zotero\\storage\\JAAWNR9V\\eth_indust_IO.pdf:application/pdf}
}

@book{wilson_introduction_2001,
	title = {An introduction to particle accelerators},
        isbn = {0-19-850829-8},
	publisher = {Clarendon Press},
	author = {Wilson, Edmund and Wilson, Edward JN},
	year = {2001}
}

@book{thiran_network_2001,
	title = {{Network Calculus}},
	isbn = {3-540-42184-X},
	publisher = {Springer},
	author = {Thiran, P. and Le Boudec, J. Y.},
	year = {2001}
}

@techreport{itu_distribution_2014,
	title = {Distribution of timing information through packet networks},
	number = {G.8264},
	institution = {International Telecommunication Union},
	author = {{ITU, Telecommunication Standardization Sector}},
	year = {2014},
	file = {T-REC-G.8264-201405-I!!PDF-E.pdf:C\:\\Users\\samuraiburger\\AppData\\Roaming\\Mozilla\\Firefox\\Profiles\\7ki7ncvd.default\\zotero\\storage\\HH5M9QVF\\T-REC-G.8264-201405-I!!PDF-E.pdf:application/pdf}
}

@techreport{postel_internet_1981,
	type = {{RFC}},
	title = {Internet {Protocol}},
	url = {http://www.rfc-editor.org/rfc/rfc791.txt},
	number = {791},
	institution = {Internet Engineering Task Force},
	author = {Postel, J. B.},
	month = sep,
	year = {1981},
	pages = {45}
}

@inproceedings{terpstra_message_2015,
	title = {Message {Signalled} {Interrupts} in {Mixed}-{Master} {Control}},
	url = {http://accelconf.web.cern.ch/AccelConf/ICALEPCS2015/papers/thha2o03.pdf},
	urldate = {2017-01-01},
	booktitle = {15th {Int}. {Conf}. on {Accelerator} and {Large} {Experimental} {Physics} {Control} {Systems} ({ICALEPCS}'15), {Melbourne}, {Australia}, 17-23 {October} 2015},
	publisher = {JACOW, Geneva, Switzerland},
	author = {Terpstra, Wesley and Kreider, Mathias},
	year = {2015},
	pages = {1083--1086},
	file = {thha2o03.pdf:C\:\\Users\\samuraiburger\\AppData\\Roaming\\Mozilla\\Firefox\\Profiles\\7ki7ncvd.default\\zotero\\storage\\XEIWTAQB\\thha2o03.pdf:application/pdf}
}

@article{iso_5725-6:_1994,
	title = {{ISO}5725-6: {Accuracy} (trueness and precision) of measurement methods and results-{Part} 6: {Use} in practice of accuracy values},
	author = {{International Organization for Standardization (ISO)}},
	year = {1994}
}

@article{mills_internet_1991,
	title = {Internet time synchronization: the network time protocol},
	volume = {39},
	shorttitle = {Internet time synchronization},
	url = {http://ieeexplore.ieee.org/xpls/abs_all.jsp?arnumber=103043},
	number = {10},
	urldate = {2016-05-09},
	journal = {{IEEE} Transactions on Communications},
	author = {Mills, David L.},
	year = {1991},
	pages = {1482--1493},
	file = {ntp.pdf:C\:\\Users\\samuraiburger\\AppData\\Roaming\\Mozilla\\Firefox\\Profiles\\7ki7ncvd.default\\zotero\\storage\\3BF2C67R\\ntp.pdf:application/pdf}
}

@techreport{beck_robustness_2013,
	title = {Robustness},
	url = {https://www-acc.gsi.de/wiki/Timing/TimingSystemNetworkBasics},
	urldate = {2016-11-30},
	journal = {Timing System Network Basics},
	author = {Beck, Dietrich},
	month = nov,
	year = {2013}
}

@book{horowitz_art_2015,
	edition = {3},
	title = {The art of electronics, 3rd editon},
	isbn = {978-0-521-80926-9},
	publisher = {Cambridge university press Cambridge},
	author = {Horowitz, Paul and Hill, Winfield and Hayes, Thomas C},
	year = {2015},
	annote = {Bus, 992, 997, 1027-1047
PLL 955-959
PLL Noise and Jitter, 974
FPGA, 768f}
}

@misc{beck_forward_2016,
	title = {Forward {Error} {Correction} {Values}},
	url = {https://www-acc.gsi.de/wiki/Timing/TimingSystemEvent},
	urldate = {2016-11-30},
	journal = {Timing System Documents},
	author = {Beck, Dietrich},
	month = sep,
	year = {2016}
}

@techreport{dod_usa_gps_2008,
	title = {{GPS} {SPS} performance standard},
	urldate = {2016-06-10},
	author = {{US Department of Defense}},
	year = {2008},
	file = {2008-SPS-performance-standard.pdf:C\:\\Users\\samuraiburger\\AppData\\Roaming\\Mozilla\\Firefox\\Profiles\\7ki7ncvd.default\\zotero\\storage\\45QSTCFU\\2008-SPS-performance-standard.pdf:application/pdf}
}

@inproceedings{allison_timing_2005,
	title = {Timing calibration and synchronization of surface and fluorescence detectors of the {Pierre} {Auger} {Observatory}},
	volume = {8},
	url = {http://adsabs.harvard.edu/full/2005ICRC....8..307A},
	urldate = {2016-06-18},
	booktitle = {International {Cosmic} {Ray} {Conference}},
	author = {Allison, P. and Bellido, J. and Bertou, Xavier and Covault, C. E. and DuVernois, M. and Fick, B. E. and Gemmeke, H. and Kleifges, M. and Letessier-Selvon, A. and Mostafa, M. and {others}},
	year = {2005},
	pages = {307},
	file = {fermilab-conf-05-309-e-td.pdf:C\:\\Users\\samuraiburger\\AppData\\Roaming\\Mozilla\\Firefox\\Profiles\\7ki7ncvd.default\\zotero\\storage\\6XXGIURR\\fermilab-conf-05-309-e-td.pdf:application/pdf}
}

@book{katz_contemporary_1994,
	address = {Redwood City, CA, USA},
	title = {Contemporary {Logic} {Design}},
	isbn = {0-8053-2703-7},
	publisher = {Benjamin-Cummings Publishing Co., Inc.},
	author = {Katz, Randy H.},
	year = {1994}
}

@article{wlostowski_trigger_2015,
	title = {Trigger and {RF} {Distribution} {Using} {White} {Rabbit}},
	url = {http://cds.cern.ch/record/2213491},
	urldate = {2016-12-20},
	author = {W{\l}ostowski, Tomasz and Daniluk, Grzegorz and Lipi{\'n}ski, Maciej and Vaga, Federico and Serrano, Javier},
	year = {2015},
	file = {wec3o01.pdf:C\:\\Users\\samuraiburger\\AppData\\Roaming\\Mozilla\\Firefox\\Profiles\\7ki7ncvd.default\\zotero\\storage\\KDMPBHRV\\wec3o01.pdf:application/pdf}
}

@article{hinkley_atomic_2013,
	title = {An atomic clock with 10–18 instability},
	volume = {341},
	number = {6151},
	journal = {Science},
	author = {Hinkley, N. and Sherman, J. A. and Phillips, N. B. and Schioppo, M. and Lemke, N. D. and Beloy, K. and Pizzocaro, M. and Oates, C. W. and Ludlow, A. D.},
	year = {2013},
	pages = {1215--1218},
	file = {1215.full.pdf:C\:\\Users\\samuraiburger\\AppData\\Roaming\\Mozilla\\Firefox\\Profiles\\7ki7ncvd.default\\zotero\\storage\\IG7EC46N\\1215.full.pdf:application/pdf}
}

@techreport{altera_fpga_2006,
	title = {{FPGA} {Architecture}},
	url = {https://www.altera.com/content/dam/altera-www/global/en_US/pdfs/literature/wp/wp-01003.pdf},
	urldate = {2016-10-03},
	author = {{Altera Corp.}},
	year = {2006},
	file = {wp-01003.pdf:C\:\\Users\\samuraiburger\\AppData\\Roaming\\Mozilla\\Firefox\\Profiles\\7ki7ncvd.default\\zotero\\storage\\BN2NNAKJ\\wp-01003.pdf:application/pdf}
}

@book{ralston_encyclopedia_2000,
	title = {Encyclopedia of computer science},
	isbn = {0-470-86412-5},
	publisher = {Petrocelli/Charter New York},
	author = {Ralston, Anthony and Reilly, Edwin D. and Hemmendinger, David},
	year = {2000}
}

@article{gokhale_measuring_1998,
	title = {Measuring and optimizing {CORBA} latency and scalability over high-speed networks},
	volume = {47},
	number = {4},
	journal = {{IEEE} Transactions on Computers},
	author = {Gokhale, A.S. and Schmidt, D.C.},
	month = apr,
	year = {1998},
	pages = {391--413}
}

@book{gould_marine_1923,
	title = {The marine chronometer, its history and development},
	isbn = {1-85149-365-4},
	publisher = {Acc Art Books},
	author = {Gould, Rupert Thomas},
	year = {2013}
}

@misc{potential_ventures_coroutine_2016,
	title = {Coroutine {Co}-simulation {Test} {Bench}},
	url = {http://potential.ventures/cocotb/},
	journal = {Cocotb},
	author = {{Potential Ventures}},
	month = nov,
	year = {2016}
}

@article{heavner_first_2014,
	title = {First accuracy evaluation of {NIST}-{F}2},
	volume = {51},
	number = {3},
	journal = {Metrologia},
	author = {Heavner, Thomas P. and Donley, Elizabeth A. and Levi, Filippo and Costanzo, Giovanni and Parker, Thomas E. and Shirley, Jon H. and Ashby, Neil and Barlow, Stephan and Jefferts, S. R.},
	year = {2014},
	pages = {174}
}

@techreport{beck_torture_2016,
	title = {'{Torture}' {Report} about {GMT} with {Debian} on {PC} and {SL}6/{CentOS} 7 on {SCU}3},
	url = {https://www-acc.gsi.de/wiki/Timing/TimingSystemDocumentsRep201607222},
	urldate = {2016-03-11},
	journal = {GSI Timing Wiki},
	author = {Beck, Dietrich},
	month = jun,
	year = {2016}
}

@techreport{recio_rdma_2005,
	title = {An {RDMA} protocol specification},
	institution = {Internet Engineering Task Force},
	author = {Recio, R. and Culley, P. and Garcia, D. and Hilland, J. and Metzler, B.},
	year = {2005}
}

@incollection{moy_arrival_2010,
	title = {Arrival curves for real-time calculus: the causality problem and its solutions},
	isbn = {978-3-642-12001-5},
	shorttitle = {Arrival curves for real-time calculus},
	url = {http://link.springer.com/chapter/10.1007/978-3-642-12002-2_31},
	urldate = {2016-05-09},
	booktitle = {Tools and {Algorithms} for the {Construction} and {Analysis} of {Systems}},
	publisher = {Springer},
	author = {Moy, Matthieu and Altisen, Karine},
	year = {2010},
	pages = {358--372},
	file = {arrival_curves_rtc.pdf:C\:\\Users\\samuraiburger\\AppData\\Roaming\\Mozilla\\Firefox\\Profiles\\7ki7ncvd.default\\zotero\\storage\\JRZ9SB2B\\arrival_curves_rtc.pdf:application/pdf}
}

@book{clausert_grundgebiete_2007,
	title = {Grundgebiete der {Elektrotechnik} 2},
	isbn = {3-486-25428},
	volume = {2},
	publisher = {Oldenbourg Verlag},
	author = {Clausert, Horst and Wiesemann, Gunther and Hinrichsen, Volker and Stenzel, J{\"u}rgen},
	year = {2007},
	annote = {Low Pass, 96 f
RLC resonance, 107 ff
Fourier Series Square Wave, 237f}
}

@book{keshav_engineering_1997,
	address = {Reading, Mass},
	series = {Addison-{Wesley} professional computing series},
	title = {An engineering approach to computer networking: {ATM} networks, the internet, and the telephone network},
	isbn = {978-0-201-63442-6},
	shorttitle = {An engineering approach to computer networking},
	publisher = {Addison-Wesley},
	author = {Keshav, Srinivasan},
	year = {1997},
	keywords = {Asynchronous transfer mode, Computer networks, Internet, Telephone systems},
	file = {pipelined_heap.pdf:C\:\\Users\\samuraiburger\\AppData\\Roaming\\Mozilla\\Firefox\\Profiles\\7ki7ncvd.default\\zotero\\storage\\6KWQP9ZP\\pipelined_heap.pdf:application/pdf}
}

@inproceedings{frerking_fifty_1996,
	title = {Fifty years of progress in quartz crystal frequency standards},
	booktitle = {Frequency {Control} {Symposium}, 1996. 50th., {Proceedings} of the 1996 {IEEE} {International}.},
	publisher = {IEEE},
	author = {Frerking, Marvin E.},
	year = {1996},
	pages = {33--46}
}

@phdthesis{bai_development_2017,
	type = {Doctoral {Thesis}},
	title = {{Development} of the timing system for the {Bunch}-to-{Bucket} transfer between the {FAIR} accelerators},
	school = {Goethe Universit{\"a}t Frankfurt am Main},
	author = {Bai, Jiaoni},
	month = nov,
	year = {2017},
	howpublished = {not yet published}
}

@article{itano_accurate_1993,
	title = {Accurate measurement of time},
	volume = {269},
	number = {1},
	journal = {Scientific American},
	author = {Itano, Wayne M. and Ramsey, Norman F.},
	year = {1993},
	pages = {46--53},
	file = {1011.pdf:C\:\\Users\\samuraiburger\\AppData\\Roaming\\Mozilla\\Firefox\\Profiles\\7ki7ncvd.default\\zotero\\storage\\3V96X5TA\\1011.pdf:application/pdf}
}

@inproceedings{lipinski_white_2011,
	title = {White rabbit: a {PTP} application for robust sub-nanosecond synchronization},
	doi = {10.1109/ISPCS.2011.6070148},
	booktitle = {Precision {Clock} {Synchronization} for {Measurement} {Control} and {Communication} ({ISPCS}), 2011 {International} {IEEE} {Symposium} on},
	author = {Lipi{\'n}ski, M. and W{\l}ostowski, T. and Serrano, J. and Alvarez, P.},
	month = sep,
	year = {2011},
	keywords = {Accuracy, Clocks, Delay, fiber optic link, IEEE 1588-2008, local area networks, optical fibre networks, Phase measurement, PTP application, PTP synchronization, Rabbits, robust sub-nanosecond synchronization, Synchronization, synchronous Ethernet standards, time distribution, white rabbit network},
	pages = {25--30},
	file = {06070148.pdf:C\:\\Users\\samuraiburger\\AppData\\Roaming\\Mozilla\\Firefox\\Profiles\\7ki7ncvd.default\\zotero\\storage\\TXH8F3G5\\06070148.pdf:application/pdf}
}

@book{denny_science_2012,
	title = {The science of navigation: from dead reckoning to {GPS}},
	publisher = {JHU Press},
	author = {Denny, Mark},
	year = {2012}
}

@inproceedings{kreider_new_2014,
	address = {Karlsruhe, Germany},
	title = {New {Developments} on the {FAIR} {Data} {Master}},
	isbn = {978-3-95450-146-5},
	url = {http://accelconf.web.cern.ch/AccelConf/PCaPAC2014/papers/fpo022.pdf},
	urldate = {2016-10-02},
	booktitle = {Proceedings of {PCaPAC}2014},
	author = {Kreider, M. and B{\"a}r, R. and Beck, D. and Terpstra, W. and Davies, J. and Grout, V.},
	year = {2014},
	pages = {204--206},
	file = {fpo022.pdf:C\:\\Users\\samuraiburger\\AppData\\Roaming\\Mozilla\\Firefox\\Profiles\\7ki7ncvd.default\\zotero\\storage\\GC294H39\\fpo022.pdf:application/pdf}
}

@inproceedings{loschmidt_limits_2008,
	title = {Limits of synchronization accuracy using hardware support in {IEEE} 1588},
	booktitle = {Precision {Clock} {Synchronization} for {Measurement}, {Control} and {Communication}, 2008. {ISPCS} 2008. {IEEE} {International} {Symposium} on},
	publisher = {IEEE},
	author = {Loschmidt, Patrick and Exel, Reinhard and Nagy, Anetta and Gaderer, Georg},
	year = {2008},
	pages = {12--16}
}

@misc{altera_lvds_2016,
	title = {{LVDS} {SERDES} {IP} {Core} {User} {Guide}},
	url = {https://www.altera.com/literature/ug/ug_altera_lvds.pdf},
	urldate = {2016-09-15},
	author = {{Altera Corp.}},
	month = may,
	year = {2016},
	file = {ug_altera_lvds.pdf:C\:\\Users\\samuraiburger\\AppData\\Roaming\\Mozilla\\Firefox\\Profiles\\7ki7ncvd.default\\zotero\\storage\\NZ4DMQ37\\ug_altera_lvds.pdf:application/pdf}
}

@techreport{lipinski_white_2011-1,
	title = {White {Rabbit} {Robustness}},
	url = {http://www.ohwr.org/attachments/742/WhiteRabbitAndRobustness.pdf},
	institution = {GSI/CERN},
	author = {Lipi{\'n}ski, M. and Prados, C.},
	year = {2011},
	file = {WhiteRabbitAndRobustness(1).pdf:C\:\\Users\\samuraiburger\\AppData\\Roaming\\Mozilla\\Firefox\\Profiles\\7ki7ncvd.default\\zotero\\storage\\67T4GTX7\\WhiteRabbitAndRobustness(1).pdf:application/pdf}
}

@techreport{rubini_self_2013,
	title = {Self {Describing} {Bus} {Specification}},
	url = {http://www.ohwr.org/attachments/4021/sdb-1.1.pdf},
	urldate = {2016-05-06},
	institution = {Open Hardware Repository},
	author = {Rubini, Alessandro and Terpstra, Wesley and Vanga, Manohar},
	month = apr,
	year = {2013}
}

@article{lombardi_accuracy_2008,
	title = {The {Accuracy} \& {Stability} of {Quartz} {Watches}},
	volume = {150},
	url = {http://tf.nist.gov/general/pdf/2276.pdf?iframe=true&width=100%&height=100%},
	number = {2},
	urldate = {2016-06-13},
	journal = {Horological Journal},
	author = {Lombardi, Michael A.},
	year = {2008},
	pages = {57},
	file = {2276.pdf:C\:\\Users\\samuraiburger\\AppData\\Roaming\\Mozilla\\Firefox\\Profiles\\7ki7ncvd.default\\zotero\\storage\\9JBZVAZD\\2276.pdf:application/pdf}
}

@misc{_nautical_2016,
	title = {Nautical {Almanac} of the stars},
	url = {www.nauticalalmanac.it},
	urldate = {2016-05-28},
	month = jan,
	year = {2016},
	file = {Nautical Almanac 2016 - PDF.pdf:C\:\\Users\\samuraiburger\\AppData\\Roaming\\Mozilla\\Firefox\\Profiles\\7ki7ncvd.default\\zotero\\storage\\IS9P9D5R\\Nautical Almanac 2016 - PDF.pdf:application/pdf}
}

@inproceedings{krause_gsi_1991,
	title = {The {GSI} {Control} {System}},
	volume = {91},
	booktitle = {Proceedings of {ICALEPCS}},
	author = {Krause, U. and Schaa, V. and Steiner, R.},
	year = {1991},
	file = {25028669.pdf:C\:\\Users\\samuraiburger\\AppData\\Roaming\\Mozilla\\Firefox\\Profiles\\7ki7ncvd.default\\zotero\\storage\\9HJP3VWK\\25028669.pdf:application/pdf}
}

@inproceedings{schmitt_delay_2008,
	title = {Delay {Bounds} under {Arbitrary} {Multiplexing}: {When} {Network} {Calculus} {Leaves} {You} in the {Lurch}...},
	shorttitle = {Delay {Bounds} under {Arbitrary} {Multiplexing}},
	url = {http://ieeexplore.ieee.org/xpls/abs_all.jsp?arnumber=4509823},
	urldate = {2016-09-25},
	booktitle = {{INFOCOM} 2008. {The} 27th {Conference} on {Computer} {Communications}. {IEEE}},
	publisher = {IEEE},
	author = {Schmitt, Jens B. and Zdarsky, Frank A. and Fidler, Markus},
	year = {2008},
	pages = {1669--1677},
	file = {04509823.pdf:C\:\\Users\\samuraiburger\\AppData\\Roaming\\Mozilla\\Firefox\\Profiles\\7ki7ncvd.default\\zotero\\storage\\A4PJ42JX\\04509823.pdf:application/pdf}
}

@misc{klingbeil_presentation_2010,
	title = {Presentation on Bunch to Bucket Transfer},
	author = {Klingbeil, H.},
	year = {2010},
	note = {from GSI internal presentation material}
}

@inproceedings{lenzini_end--end_2007,
	title = {End-to-end delay bounds in {FIFO}-multiplexing tandems},
	url = {http://dl.acm.org/citation.cfm?id=1345341},
	urldate = {2016-10-16},
	booktitle = {Proceedings of the 2nd international conference on {Performance} evaluation methodologies and tools},
	publisher = {ICST (Institute for Computer Sciences, Social-Informatics and Telecommunications Engineering)},
	author = {Lenzini, Luciano and Mingozzi, Enzo and Stea, Giovanni},
	year = {2007},
	pages = {61},
	file = {a61-lenzini.pdf:C\:\\Users\\samuraiburger\\AppData\\Roaming\\Mozilla\\Firefox\\Profiles\\7ki7ncvd.default\\zotero\\storage\\CIM76232\\a61-lenzini.pdf:application/pdf}
}

@book{razavi_monolithic_1996,
	title = {Monolithic phase-locked loops and clock recovery circuits: theory and design},
	isbn = {0-7803-1149-3},
	publisher = {John Wiley \& Sons},
	author = {Razavi, Behzad},
	year = {1996},
	annote = {clock recovery, 2, 33-36}
}

@phdthesis{dahlan_finite_2013,
	title = {Finite abstractions of network calculus elements for formal verification of network bounds},
	url = {http://repository.tudelft.nl/assets/uuid:c6a21f0e-8bac-440b-a360-eaf4212c8107/mscThesis%20_edited.pdf},
	urldate = {2016-09-25},
	school = {Master’s thesis, Delft University of Technology},
	author = {Dahlan, Bassilio},
	year = {2013},
	file = {mscThesis _edited.pdf:C\:\\Users\\samuraiburger\\AppData\\Roaming\\Mozilla\\Firefox\\Profiles\\7ki7ncvd.default\\zotero\\storage\\ZWPQSNV6\\mscThesis _edited.pdf:application/pdf}
}

@book{norie_new_1852,
	title = {A new and complete epitome of practical navigation},
	isbn = {1-236-63584-1},
	author = {Norie, John William},
	publisher = {Rarebooksclub.com},
	year = {1852}
}

@inproceedings{frammery_lhc_2005,
	title = {The {LHC} {Control} {System}},
	url = {http://accelconf.web.cern.ch/AccelConf/ica05/proceedings/pdf/I1_001.pdf},
	urldate = {2016-11-28},
	booktitle = {Proceedings of {ICALEPCS}},
	author = {Frammery, B.},
	year = {2005},
	pages = {10--14},
	file = {i1_001.pdf:C\:\\Users\\samuraiburger\\AppData\\Roaming\\Mozilla\\Firefox\\Profiles\\7ki7ncvd.default\\zotero\\storage\\ZP2DR8HD\\i1_001.pdf:application/pdf}
}

@inproceedings{bar_timing_2011,
	title = {The {Timing} {Master} for the {FAIR} {Accelerator} {Facility}},
	booktitle = {Proc. of the {International} {Conference} on {Accelerator} and {Large} {Experimental} {Physics} {Control} {Systems} {ICALEPCS}},
	author = {B{\"a}r, R. and Fleck, T. and Kreider, M. and Mauro, S.},
	month = oct,
	year = {2011},
	pages = {642--645}
}

@misc{schutt_presentation_2016,
	title = {Presentation {Beamlines} and {Production} {Chains}},
	author = {Sch{\"u}tt, P.},
	year = {2010},
	note = {from GSI internal presentation material}
}

@book{harrington_introduction_2003,
	title = {Introduction to electromagnetic engineering},
	isbn = {0-486-43241-6},
	publisher = {Courier Corporation},
	author = {Harrington, Roger F},
	year = {2003}
}

@book{wiedemann_particle_2015,
	title = {Particle accelerator physics},
	isbn = {978-3-319-18316-9},
	publisher = {Springer},
	author = {Wiedemann, Helmut},
	year = {2015}
}

@misc{ohwr_form_2016,
	title = {Form factors for {White} {Rabbit} based {Control} {Systems}},
	url = {http://www.ohwr.org/projects},
	urldate = {2016-11-30},
	author = {{Open Hardware Repository (OHWR)}},
	month = nov,
	year = {2016}
}

@inproceedings{fidler_way_2006,
	title = {On the way to a distributed systems calculus: {An} end-to-end network calculus with data scaling},
	volume = {34},
	shorttitle = {On the way to a distributed systems calculus},
	url = {http://dl.acm.org/citation.cfm?id=1140310},
	urldate = {2016-10-09},
	booktitle = {{ACM} {SIGMETRICS} {Performance} {Evaluation} {Review}},
	publisher = {ACM},
	author = {Fidler, Markus and Schmitt, Jens B.},
	year = {2006},
	pages = {287--298},
	file = {p287-fidler.pdf:C\:\\Users\\samuraiburger\\AppData\\Roaming\\Mozilla\\Firefox\\Profiles\\7ki7ncvd.default\\zotero\\storage\\V9TK8PS8\\p287-fidler.pdf:application/pdf}
}

@inproceedings{casey_implementing_1990,
	title = {Implementing {Ethernet} in the industrial environment},
	url = {http://ieeexplore.ieee.org/xpls/abs_all.jsp?arnumber=66466},
	urldate = {2016-06-06},
	booktitle = {Electrical {Engineering} {Problems} in the {Rubber} and {Plastics} {Industries}, 1990., {IEEE} {Conference} {Record} of 1990 {Forty}-{Second} {Annual} {Conference} of},
	publisher = {IEEE},
	author = {Casey, Brian J.},
	year = {1990},
	pages = {32--40},
	file = {eth_indust_env.pdf:C\:\\Users\\samuraiburger\\AppData\\Roaming\\Mozilla\\Firefox\\Profiles\\7ki7ncvd.default\\zotero\\storage\\KGMG35VS\\eth_indust_env.pdf:application/pdf}
}

@article{berndt_worst_2015,
	title = {Worst {Case} {Modeling} of {Aggregate} {Scheduling} by {Network} {Calculus}},
	url = {http://www.academia.edu/download/39131120/icn_2015_full.pdf#page=57},
	urldate = {2016-09-25},
	journal = {ICN 2015},
	author = {Berndt, Ulrich Klehmet R{\"u}diger},
	year = {2015},
	pages = {56},
	file = {icn_2015_2_30_30047.pdf:C\:\\Users\\samuraiburger\\AppData\\Roaming\\Mozilla\\Firefox\\Profiles\\7ki7ncvd.default\\zotero\\storage\\XC3V7UCT\\icn_2015_2_30_30047.pdf:application/pdf}
}

@inproceedings{zabolotny_dual_2011,
	title = {Dual port memory based {Heapsort} implementation for {FPGA}},
	volume = {8008},
	url = {http://dx.doi.org/10.1117/12.905281},
	doi = {10.1117/12.905281},
	booktitle = {Proc. {SPIE}},
	author = {Zabolotny, Wojciech M.},
	year = {2011},
	pages = {80080E--80080E--9}
}

@inproceedings{lipinski_reliability_2011,
	title = {Reliability in a {White Rabbit} network},
	booktitle = {Proc. of the {International} {Conference} on {Accelerator} and {Large} {Experimental} {Physics} {Control} {Systems} {ICALEPCS}},
	author = {Lipi{\'n}ski, M. and Prados, C. and Serrano, J. and W{\l}ostowski, T.},
	year = {2011},
	pages = {698--701},
	file = {CERN-ATS-2011-195.pdf:C\:\\Users\\samuraiburger\\AppData\\Roaming\\Mozilla\\Firefox\\Profiles\\7ki7ncvd.default\\zotero\\storage\\5GJHIGRR\\CERN-ATS-2011-195.pdf:application/pdf}
}

@inproceedings{lombardi_comparing_2006,
	title = {Comparing loran timing capability to industrial requirements},
	url = {http://tf.nist.gov/general/pdf/2193.pdf},
	urldate = {2016-06-11},
	booktitle = {Proceedings of the 2006 {International} {Loran} {Association} ({ILA}) {Meeting}},
	author = {Lombardi, Michael A.},
	year = {2006},
	file = {2193.pdf:C\:\\Users\\samuraiburger\\AppData\\Roaming\\Mozilla\\Firefox\\Profiles\\7ki7ncvd.default\\zotero\\storage\\69AEH3AR\\2193.pdf:application/pdf}
}

@inproceedings{lipinski_performance_2012,
	title = {Performance results of the first {White} {Rabbit} installation for {CNGS} time transfer},
	url = {http://ieeexplore.ieee.org/xpls/abs_all.jsp?arnumber=6336610},
	urldate = {2016-12-31},
	booktitle = {2012 {IEEE} {International} {Symposium} on {Precision} {Clock} {Synchronization} for {Measurement}, {Control} and {Communication} {Proceedings}},
	publisher = {IEEE},
	author = {Lipi{\'n}ski, Maciej and W{\l}ostowski, Tomasz and Serrano, Javier and Alvarez, Pablo and Cobas, Juan David Gonzalez and Rubini, Alessandro and Moreira, Pedro},
	year = {2012},
	pages = {1--6},
	file = {ISPCS2012_WRinCNGS.pdf:C\:\\Users\\samuraiburger\\AppData\\Roaming\\Mozilla\\Firefox\\Profiles\\7ki7ncvd.default\\zotero\\storage\\2CMU3P46\\ISPCS2012_WRinCNGS.pdf:application/pdf}
}

@misc{_zeitskalen_????,
	title = {Die {Zeitskalen} {TAI} und {EAL}},
	author = {{Physikalisch Technische Bundesanstalt}},
	url = {http://www.ptb.de/cms/ptb/fachabteilungen/abt4/fb-44/ag-441/darstellung-der-gesetzlichen-zeit/die-zeitskalen-tai-und-eal.html},
	urldate = {2016-06-13},
	file = {Die Zeitskalen TAI und EAL - PTB.de:C\:\\Users\\samuraiburger\\AppData\\Roaming\\Mozilla\\Firefox\\Profiles\\7ki7ncvd.default\\zotero\\storage\\9F4VUGFE\\die-zeitskalen-tai-und-eal.html:text/html}
}

@misc{lattice_semiconductor_lm32-processor_2016,
	title = {{LM}32-{Processor} {Reference} {Manual}},
	url = {http://www.latticesemi.com/view_document?document_id=50900},
	urldate = {2016-09-26},
	author = {{Lattice Semiconductor}},
	month = jul,
	year = {2016},
	file = {LatticeMico32ProcessorReferenceManual38.pdf:C\:\\Users\\samuraiburger\\AppData\\Roaming\\Mozilla\\Firefox\\Profiles\\7ki7ncvd.default\\zotero\\storage\\RCWP6ZZT\\LatticeMico32ProcessorReferenceManual38.pdf:application/pdf}
}

@techreport{_pci_2010,
	title = {{PCI} {Express} {Base} {Specification} {Revision} 3.0},
	url = {http://www.pcisig.com/specifications/pciexpress/base3/},
	institution = {PCI-SIG},
	year = {2010}
}

@inproceedings{schmitt_comprehensive_2007,
	title = {A {Comprehensive} {Worst}-{Case} {Calculus} for {Wireless} {Sensor} {Networks} with {In}-{Network} {Processing}},
	isbn = {978-0-7695-3062-8},
	url = {http://ieeexplore.ieee.org/document/4408304/},
	doi = {10.1109/RTSS.2007.17},
	urldate = {2016-10-09},
	publisher = {IEEE},
	author = {Schmitt, Jens B. and Zdarsky, Frank A. and Thiele, Lothar},
	month = dec,
	year = {2007},
	pages = {193--202},
	file = {04408304.pdf:C\:\\Users\\samuraiburger\\AppData\\Roaming\\Mozilla\\Firefox\\Profiles\\7ki7ncvd.default\\zotero\\storage\\26DBVMWB\\04408304.pdf:application/pdf}
}

@techreport{itu_timing_2015,
	title = {Timing characteristics of synchronous {Ethernet} equipment slave clock},
	number = {G.8262},
	institution = {International Telecommunication Union},
	author = {{ITU, Telecommunication Standardization Sector}},
	year = {2015},
	file = {T-REC-G.8262-201501-I!!PDF-E.pdf:C\:\\Users\\samuraiburger\\AppData\\Roaming\\Mozilla\\Firefox\\Profiles\\7ki7ncvd.default\\zotero\\storage\\J9EPMDJE\\T-REC-G.8262-201501-I!!PDF-E.pdf:application/pdf}
}

@techreport{opencores_wishbone_2010,
	title = {Wishbone {B}4 {WISHBONE} {System}-on-{Chip} ({SoC}){Interconnection} {Architecture} for {Portable} {IP} {Cores}},
	url = {http://cdn.opencores.org/downloads/wbspec_b4.pdf},
	institution = {OpenCores},
	author = {Opencores},
	year = {2010}
}

@book{yue_advances_2009,
	title = {Advances in queueing theory and network applications},
	isbn = {978-0-387-09702-2},
	publisher = {Springer},
	author = {Yue, Wuyi and Takagi, Hideaki and Takahashi, Yataka},
	year = {2009}
}

@article{kraft_tumor_2000,
	title = {Tumor therapy with heavy charged particles},
	volume = {45},
	journal = {Progress in Particle and Nuclear Physics},
	author = {Kraft, Gerhard},
	year = {2000},
	pages = {S473--S544}
}

@book{greenhood_mapping_1964,
	title = {Mapping},
	volume = {521},
	publisher = {University of Chicago Press},
	author = {Greenhood, David},
	year = {1964}
}

@misc{altera_stratix_2015,
	title = {Stratix {X} documentation},
	publisher = {{Altera Corp.}},
	urldate = {2016-09-12},
	author = {{Altera Corp.}},
	year = {2015},
	url = {https://www.altera.com/literature/hb/stx/stratix_handbook.pdf},
	file = {s10-overview.pdf:C\:\\Users\\samuraiburger\\AppData\\Roaming\\Mozilla\\Firefox\\Profiles\\7ki7ncvd.default\\zotero\\storage\\Z4BUTUX7\\s10-overview.pdf:application/pdf}
}

@article{dana_role_1990,
	title = {The role of {GPS} in precise time and frequency dissemination},
	volume = {1},
	url = {http://www.pdana.com/phdwww_files/gpsrole.pdf},
	number = {4},
	urldate = {2016-06-11},
	journal = {GPS World},
	author = {Dana, Peter H. and Penrod, Bruce M.},
	year = {1990},
	file = {gpsrole(1).pdf:C\:\\Users\\samuraiburger\\AppData\\Roaming\\Mozilla\\Firefox\\Profiles\\7ki7ncvd.default\\zotero\\storage\\IPTTVSNK\\gpsrole(1).pdf:application/pdf}
}

@techreport{gps_timing_subcommittee_timing_2014,
	title = {{Timing Subcommittee Report}},
	urldate = {2016-06-10},
	institution = {US Government},
	author = {{GPS Timing Subcommittee}},
	year = {2014},
	file = {lewandowski2.pdf:C\:\\Users\\samuraiburger\\AppData\\Roaming\\Mozilla\\Firefox\\Profiles\\7ki7ncvd.default\\zotero\\storage\\CUMUV3MD\\lewandowski2.pdf:application/pdf}
}

@misc{altera_arria_2015,
	title = {Arria {V} documentation},
	publisher = {{Altera Corp.}},
	urldate = {2016-09-10},
	author = {{Altera Corp.}},
	year = {2015},
	url = {https://www.altera.com/content/dam/altera-www/global/en_US/pdfs/literature/hb/arria-v/av_51001.pdf},
	file = {av_51001.pdf:C\:\\Users\\samuraiburger\\AppData\\Roaming\\Mozilla\\Firefox\\Profiles\\7ki7ncvd.default\\zotero\\storage\\RAD2S82Q\\av_51001.pdf:application/pdf}
}

@misc{ross_sis18_2008,
	title = {{SIS}18 {Technische} {Zeichnungen} und  {Fotografien}},
	publisher = {Gesellschaft f{\"u}r Schwerionenforschung},
	author = {Ross, J.},
	year = {2008}
}

@phdthesis{todd_beam_2006,
	title = {A beam interlock system for {CERN} high energy accelerators},
	school = {Brunel University West London},
	author = {Todd, B.},
	year = {2006}
}

@misc{siemens_simatic_2016,
	title = {Simatic {Cycle} and {Response} {Times}},
	url = {https://cache.industry.siemens.com/dl/files/558/59193558/att_895996/v1/s71500_cycle_and_reaction_times_function_manual_en-US_en-US.pdf},
	urldate = {2016-01-11},
	author = {Siemens},
	month = jan,
	year = {2016},
	file = {s71500_cycle_and_reaction_times_function_manual_en-US_en-US.pdf:C\:\\Users\\samuraiburger\\AppData\\Roaming\\Mozilla\\Firefox\\Profiles\\7ki7ncvd.default\\zotero\\storage\\5JD68HSP\\s71500_cycle_and_reaction_times_function_manual_en-US_en-US.pdf:application/pdf}
}

@inproceedings{kreider_etherbone_2011,
	title = {{EtherBone} - {At} network layer for the {Wishbone} {SoC} {Bus}},
	booktitle = {Proc. of the {International} {Conference} on {Accelerator} and {Large} {Experimental} {Physics} {Control} {Systems} {ICALEPCS}},
	author = {Kreider, M. and Terpstra, W. and Lewis, J. and Serrano, J. and W{\l}ostowski, T.},
	year = {2011}
}

@inproceedings{kreider_fair_2013,
	address = {Wrexham, UK},
	title = {The {FAIR} {Timing} {Master}: {A} {Discussion} of {Performance} {Requirements} and {Architectures} for a {High}-precision {Timing} {System}},
	isbn = {978-0-946881-81-9},
	booktitle = {Proceedings of the {Fifth} {International} {Conference} on {Internet} {Technologies} and {Applications} ({ITA} 13)},
	publisher = {North East Wales Institute},
	author = {Kreider, Mathias and B{\"a}r, R. and Beck, D. and Davies, J. and Grout, V.},
	month = oct,
	year = {2013},
	file = {fatima.pdf:C\:\\Users\\samuraiburger\\AppData\\Roaming\\Mozilla\\Firefox\\Profiles\\7ki7ncvd.default\\zotero\\storage\\JBUJVIA9\\fatima.pdf:application/pdf}
}

@techreport{pellizzoni_network_2008,
	title = {A network calculus based analysis for the {PCI} bus},
	url = {https://www.researchgate.net/profile/Min-Young_Nam/publication/228898275_A_network_calculus_based_analysis_for_the_pci_bus/links/00b7d514092c168ecf000000.pdf},
	urldate = {2016-09-25},
	institution = {Tech. rep., University of Illinois at Urbana-Champaign, http://ece. uwaterloo. ca/∼ rpellizz/techreps/busanal. pdf},
	author = {Pellizzoni, Rodolfo and Nam, Min-Young and Bradford, Richard M. and Sha, Lui},
	year = {2008},
	file = {busanal.pdf:C\:\\Users\\samuraiburger\\AppData\\Roaming\\Mozilla\\Firefox\\Profiles\\7ki7ncvd.default\\zotero\\storage\\TDD8S3KN\\busanal.pdf:application/pdf}
}

@inproceedings{arias_rotation_2003,
	title = {Rotation of the {Earth} and {Time} scales},
	booktitle = {{ITU}-{R} {SRG} {Colloquium} on the {UTC} {Time} {Scale}},
	author = {Arias, E. F. and Guinot, B. and Quinn, T. J.},
	year = {2003},
	pages = {28--29}
}

@inproceedings{serrano_white_2009,
	title = {The {White} {Rabbit} {Project}},
	booktitle = {Proc. of the {International} {Conference} on {Accelerator} and {Large} {Experimental} {Physics} {Control} {Systems} {ICALEPCS}},
	author = {Serrano, J. and Alvarez, P. and Cattin, M. and Garcia Cota, E. and Lewis, J. and Moreira, P. and W{\l}ostowski, T. and Gaderer, G. T. and Loschmidt, P. and Dedic, J. and B{\"a}r, R. \% and Fleck, T. and Kreider, M. and Prados, C. and Rauch, S.},
	year = {2009},
	pages = {93--95}
}

@article{le_boudec_properties_2002,
	title = {Some properties of variable length packet shapers},
	volume = {10},
	issn = {1063-6692},
	url = {http://ieeexplore.ieee.org/document/1012365/},
	doi = {10.1109/TNET.2002.1012365},
	language = {en},
	number = {3},
	urldate = {2016-09-25},
	journal = {IEEE/ACM Transactions on Networking},
	author = {Le Boudec, J.-Y.},
	month = jun,
	year = {2002},
	pages = {329--337},
	file = {Some_Properties_Of_Variable_Length_Packet_Shapers.pdf:C\:\\Users\\samuraiburger\\AppData\\Roaming\\Mozilla\\Firefox\\Profiles\\7ki7ncvd.default\\zotero\\storage\\SPJS386K\\Some_Properties_Of_Variable_Length_Packet_Shapers.pdf:application/pdf}
}

@article{krause_re-engineering_2001,
	title = {Re-engineering of the {GSI} control system},
	url = {http://arxiv.org/abs/physics/0111060},
	urldate = {2016-11-28},
	journal = {arXiv preprint physics/0111060},
	author = {Krause, U. and Schaa, Volker},
	year = {2001},
	file = {0111060.pdf:C\:\\Users\\samuraiburger\\AppData\\Roaming\\Mozilla\\Firefox\\Profiles\\7ki7ncvd.default\\zotero\\storage\\G8CMKQ82\\0111060.pdf:application/pdf}
}

@phdthesis{brandenburg_scheduling_2011,
	title = {Scheduling and locking in multiprocessor real-time operating systems},
	url = {http://citeseerx.ist.psu.edu/viewdoc/download?doi=10.1.1.359.6393&rep=rep1&type=pdf},
	urldate = {2016-10-03},
	author = {Brandenburg, Bj{\"o}rn B.},
	year = {2011},
	file = {sched_lock_rtos.pdf:C\:\\Users\\samuraiburger\\AppData\\Roaming\\Mozilla\\Firefox\\Profiles\\7ki7ncvd.default\\zotero\\storage\\UE3NC439\\sched_lock_rtos.pdf:application/pdf}
}

@inproceedings{rumble_its_2011,
	title = {It's {Time} for {Low} {Latency}.},
	volume = {13},
	booktitle = {{HotOS}},
	author = {Rumble, Stephen M. and Ongaro, Diego and Stutsman, Ryan and Rosenblum, Mendel and Ousterhout, John K.},
	year = {2011},
	pages = {11--11}
}

@article{widmer_dc-balanced_1983,
	title = {A {DC}-balanced, partitioned-block, 8B/10B transmission code},
	volume = {27},
	number = {5},
	journal = {{IBM} Journal of research and development},
	author = {Widmer, Albert X. and Franaszek, Peter A.},
	year = {1983},
	pages = {440--451}
}

@article{porelli_timing_2015,
	title = {Timing calibration and directional reconstruction for {Tunka}-{HiSCORE}},
	volume = {632},
	issn = {1742-6596},
	url = {http://stacks.iop.org/1742-6596/632/i=1/a=012041?key=crossref.e1065aaaae2955596de36bb4380e66ad},
	doi = {10.1088/1742-6596/632/1/012041},
	urldate = {2016-12-30},
	journal = {Journal of Physics: Conference Series},
	author = {Porelli, A. and Bogorodskii, D. and Br{\"u}ckner, M. and Budnev, N. and Chvalaev, O. and Dyachok, A. and Epimakhov, S. and Eremin, T. and Gress, O. and Gress, T. and Horns, D. and Ivanova, A. and Kiruhin, S. and Konstantinov, E. and Korosteleva, E. and Kunnas, M. and Kuzmichev, L. and Lubsandorzhiev, B. and Lubsandorzhiev, N. and Mirgazov, R. and Mirzoyan, R. and Monkhoev, R. and Nachtigall, R. and Pakhorukov, A. and Platonov, V. and Poleschuk, V. and Prosin, V. and Rubtsov, G. and R{\"u}ger, M. and Samoliga, V. and Saunkin, A. and Satunin, P. and Spitschan, D. and Semeney, Yu and Sveshnikova, L. and Tabolenko, V. and Tluczykont, M. and Voronin, D. and Wischnewski, R. and Zagorodnikov, A. and Zurbanov, V.},
	month = aug,
	year = {2015},
	pages = {012041},
	file = {Porelli_2015_J._Phys.__Conf._Ser._632_012041.pdf:C\:\\Users\\samuraiburger\\AppData\\Roaming\\Mozilla\\Firefox\\Profiles\\7ki7ncvd.default\\zotero\\storage\\BNAM2RKQ\\Porelli_2015_J._Phys.__Conf._Ser._632_012041.pdf:application/pdf}
}

@techreport{moritz_butis_2006,
	title = {{BuTiS} {Development} of a {Bunchphase} {Timing} {System}},
	url = {http://gsi.helmholtz.de/informationen/wti/library/scientificreport2006/PAPERS/FAIR-ACCELERATORS-20.pdf},
	institution = {GSI},
	author = {Moritz, P.},
	year = {2006},
	file = {10.1.1.162.1765.pdf:C\:\\Users\\samuraiburger\\AppData\\Roaming\\Mozilla\\Firefox\\Profiles\\7ki7ncvd.default\\zotero\\storage\\24M9GG9Z\\10.1.1.162.1765.pdf:application/pdf}
}

@techreport{postel_user_1980,
	type = {{RFC}},
	title = {User {Datagram} {Protocol}},
	url = {http://www.rfc-editor.org/rfc/rfc768.txt},
	number = {768},
	institution = {Internet Engineering Task Force},
	author = {Postel, J. B.},
	month = aug,
	year = {1980}
}

@misc{anderson_bit_2005,
	title = {Bit {Twiddling} {Hacks}},
	url = {https://graphics.stanford.edu/~seander/bithacks.html},
	urldate = {2016-05-29},
	author = {Anderson, Sean Eron},
	year = {2005},
	annote = {Merge bits from two values according to a mask
Compute modulus division by 1 {\textless}{\textless} s without a division operator
Find the log base 2 of an integer with a lookup table
Count the consecutive zero bits (trailing) on the right in parallel
Round up to the next highest power of 2},
	file = {Bit Twiddling Hacks:C\:\\Users\\samuraiburger\\AppData\\Roaming\\Mozilla\\Firefox\\Profiles\\7ki7ncvd.default\\zotero\\storage\\MZ9884AW\\bithacks.html:text/html}
}

@inproceedings{straumann_open_2001,
	title = {Open {Source} real-time operating systems overview},
	booktitle = {Proc. of the {International} {Conference} on {Accelerator} and {Large} {Experimental} {Physics} {Control} {Systems} {ICALEPCS}},
	author = {Straumann, T.},
	year = {2001},
	pages = {235--237}
}

@article{lombardi_how_2010,
	title = {How accurate is a radio controlled clock},
	volume = {152},
	url = {http://tf.boulder.nist.gov/general/pdf/2429.pdf},
	number = {3},
	urldate = {2016-06-11},
	journal = {The Horological Journal},
	author = {Lombardi, Michael A.},
	year = {2010},
	pages = {108--111},
	file = {2429.pdf:C\:\\Users\\samuraiburger\\AppData\\Roaming\\Mozilla\\Firefox\\Profiles\\7ki7ncvd.default\\zotero\\storage\\38EJ4QF9\\2429.pdf:application/pdf}
}

@article{vandewalle_calculation_1975,
	title = {On the calculation of the piecewise linear approximation to a discrete function},
	volume = {24},
	number = {8},
	journal = {{IEEE} Transactions on computers},
	author = {Vandewalle, Joos},
	year = {1975},
	pages = {843--846},
	file = {01672913.pdf:C\:\\Users\\samuraiburger\\AppData\\Roaming\\Mozilla\\Firefox\\Profiles\\7ki7ncvd.default\\zotero\\storage\\RE553IMW\\01672913.pdf:application/pdf}
}

@techreport{bai_wr_2016,
	title = {{WR} {Switch} under {RFC} 2889 {Test}},
	url = {https://www-acc.gsi.de/wiki/pub/Timing/TimingSystemDocumentsReportsAndMeasurements/WR_Switch_RFC_2889.pdf},
	urldate = {2016-01-11},
	author = {Bai, Jiaoni and Prados, Cesar},
	month = jan,
	year = {2016},
	file = {WR_Switch_RFC_2889.pdf:C\:\\Users\\samuraiburger\\AppData\\Roaming\\Mozilla\\Firefox\\Profiles\\7ki7ncvd.default\\zotero\\storage\\H63NDPBX\\WR_Switch_RFC_2889.pdf:application/pdf}
}

@inproceedings{prados_white_2013,
	title = {White {Rabbit} {Transparent} {Clock}},
	booktitle = {2013 {IEEE} {International} {Symposium} on {Precision} {Clock} {Synchronization} for {Measurement}, {Control} and {Communication} ({ISPCS}) {Proceedings}},
	author = {Prados, Cesar},
	year = {2013},
	file = {wr_transparent_clk.pdf:C\:\\Users\\samuraiburger\\AppData\\Roaming\\Mozilla\\Firefox\\Profiles\\7ki7ncvd.default\\zotero\\storage\\55HP73CA\\wr_transparent_clk.pdf:application/pdf}
}

@misc{fair_first_2016,
	title = {First ring for {FAIR}},
	url = {http://www.fair-center.eu/en/news-events/news-view/article/first-ring-for-fair.html},
	abstract = {Successful beam transport from ESR to CRYRING Accelerator},
	urldate = {2016-11-15},
	journal = {Facilitiy for Antiproton and Ion Research GmbH - News},
	author = {FAIR},
	month = aug,
	year = {2016}
}

@misc{terpstra_etherbone_2012,
	title = {Etherbone {Full} {Specifications}},
	url = {http://www.ohwr.org/attachments/1669/spec.pdf},
	publisher = {Open Hardware Repository},
	author = {Terpstra, Wesley},
	month = jul,
	year = {2012},
	file = {spec.pdf:C\:\\Users\\samuraiburger\\AppData\\Roaming\\Mozilla\\Firefox\\Profiles\\7ki7ncvd.default\\zotero\\storage\\B696W289\\spec.pdf:application/pdf}
}

@inproceedings{prados_boda_fec_2010,
	title = {{FEC} in deterministic control systems over {Gigabit} {Ethernet}},
	booktitle = {Proc. of the 8th {International} {Workshop} on {Personal} {Computers} and {Particle} {Accelerators}, {PCaPAC}},
	author = {Prados Boda, C. and Fleck, T.},
	year = {2010},
	pages = {172--174},
	file = {thpl011(2).pdf:C\:\\Users\\samuraiburger\\AppData\\Roaming\\Mozilla\\Firefox\\Profiles\\7ki7ncvd.default\\zotero\\storage\\N5M3FKD4\\thpl011(2).pdf:application/pdf}
}

@inproceedings{kreider_fair_2011,
	title = {The {FAIR} {Timing} {Master}: {A} discussion of performance requirements and architectures for a high-precision timing system},
	booktitle = {Proc. of the {International} {Conference} on {Accelerator} and {Large} {Experimental} {Physics} {Control} {Systems} {ICALEPCS}},
	author = {Kreider, M.},
	month = oct,
	year = {2011},
	pages = {1256--1259}
}

@incollection{wilson_dynamic_1995,
	title = {Dynamic storage allocation: {A} survey and critical review},
	booktitle = {Memory {Management}},
	publisher = {Springer},
	author = {Wilson, Paul R. and Johnstone, Mark S. and Neely, Michael and Boles, David},
	year = {1995},
	pages = {1--116}
}

@article{lenzini_tight_2006,
	title = {Tight end-to-end per-flow delay bounds in {FIFO} multiplexing sink-tree networks},
	volume = {63},
	url = {http://www.sciencedirect.com/science/article/pii/S0166531605001537},
	number = {9},
	urldate = {2016-10-16},
	journal = {Performance Evaluation},
	author = {Lenzini, Luciano and Martorini, Linda and Mingozzi, Enzo and Stea, Giovanni},
	year = {2006},
	pages = {956--987},
	file = {8203309fa70d712c2e38106bfa86f9f688f6.pdf:C\:\\Users\\samuraiburger\\AppData\\Roaming\\Mozilla\\Firefox\\Profiles\\7ki7ncvd.default\\zotero\\storage\\8GMZZQ6P\\8203309fa70d712c2e38106bfa86f9f688f6.pdf:application/pdf}
}



@article{kurz_white_2013,
  title={White Rabbit Applications for FAIR Experiments},
  author={Kurz, N. and Adamczewski-Musch, J. and Fr{\"u}hauf, J. and Hoffmann, J. and Beck, D. and Kreider, M. and Prados, C. and Rauch, S. and Terpstra, W. and Zweig, M.},
  journal={{GSI} Scientific Report},
  year={2013},
  page={380},
  doi={10.15120/GR-2014-1}
}


@misc{kurz_detector_2017,
	title = {Detector {Requirements}},
	author = {Kurz, Nikolaus},
	month = jan,
	year = {2017},
	howpublished={private communication}
}



@book{banerjee_pll_2006,
	title = {{PLL} performance, simulation and design},
	isbn = {1-59858-131-1},
	publisher = {Dog Ear Publishing},
	author = {Banerjee, Dean},
	year = {2006}
}

@book{daigle_queueing_2005,
	title = {Queueing theory with applications to packet telecommunication},
	publisher = {Springer Science \& Business Media},
	author = {Daigle, John N},
	year = {2005}
}

@inproceedings{international_particle_accelerator_conference_status_2015,
	address = {Geneva},
	title = {Status of the {FAIR} proton {LINAC}},
	isbn = {978-3-95450-168-7},
	url = {http://accelconf.web.cern.ch/AccelConf/IPAC2015/},
	language = {English},
	urldate = {2017-01-01},
	publisher = {JACoW},
	author = {{International Particle Accelerator Conference}},
	year = {2015},
	note = {OCLC: 958149341},
	file = {thpf011.pdf:C\:\\Users\\samuraiburger\\AppData\\Roaming\\Mozilla\\Firefox\\Profiles\\7ki7ncvd.default\\zotero\\storage\\5WAAPAII\\thpf011.pdf:application/pdf}
}

@inproceedings{ademaj_time-triggered_2007,
	title = {Time-triggered ethernet and {IEEE} 1588 clock synchronization},
	booktitle = {Precision {Clock} {Synchronization} for {Measurement}, {Control} and {Communication}, 2007. {ISPCS} 2007. {IEEE} {International} {Symposium} on},
	publisher = {IEEE},
	author = {Ademaj, Astrit and Kopetz, Hermann},
	year = {2007},
	pages = {41--43},
	file = {time_trig_eth_1588.pdf:C\:\\Users\\samuraiburger\\AppData\\Roaming\\Mozilla\\Firefox\\Profiles\\7ki7ncvd.default\\zotero\\storage\\2H6R2U4J\\time_trig_eth_1588.pdf:application/pdf}
}

@article{jiang_basic_2006,
	title = {A basic stochastic network calculus},
	volume = {36},
	url = {http://dl.acm.org/citation.cfm?id=1159929},
	number = {4},
	urldate = {2016-10-22},
	journal = {ACM SIGCOMM Computer Communication Review},
	author = {Jiang, Yuming},
	year = {2006},
	pages = {123--134},
	file = {A_Basic_Stochastic_Network_Calculus.pdf:C\:\\Users\\samuraiburger\\AppData\\Roaming\\Mozilla\\Firefox\\Profiles\\7ki7ncvd.default\\zotero\\storage\\8RXNGPTU\\A_Basic_Stochastic_Network_Calculus.pdf:application/pdf}
}

@misc{gsi_gsi_2008,
	title = {{GSI} {Public} {Relations} {Material}},
	author = {GSI},
	year = {2008}
}


@article{bartkiewicz_tine_2007,
  title={TINE as an accelerator control system at DESY},
  author={Bartkiewicz, Piotr and Duval, Philip},
  journal={Measurement Science and Technology},
  volume={18},
  number={8},
  pages={2379},
  year={2007},
  publisher={IOP Publishing}
}

@article{heron_diamond_2006,
  title={The diamond light source control system},
  author={Heron, M. T. and Abbott, M. G. and Amos, P. H. and Baker, K. A. R. and Chernousko, Y. and Cobb, T. M. and Denison, P. N. and Gillingham, I. J. and Gonias, A. and Hamadyk, P. and others},
  year={2006},
  publisher={Citeseer}
}

@article{abbott_performance_2008,
  title={Performance and Future Development of the Diamond Fast Orbit Feedback System},
  author={Abbott, M. G. and Dobbing, J. A. and Heron, M. T. and Rehm, G. and Rowland, J. and Uzun, I. S. and Duncan, S.},
  journal={Proceedings of {EPAC08}},
  pages={3257},
  year={2008}
}

@inproceedings{kaul_development_2004,
  title={Development of a New Orbit Measurement System},
  author={Kaul, Ortwin and Brinker, Frank and Neumann, Rudolf and Stadtm{\"u}ller, R},
  booktitle={Contributions to the 9th European Particle Accelerator Conference EPAC 2004},
  pages={69},
  year={2004}
}

@inproceedings{gamp_design_1998,
  title={Design of the {RF} phase reference system and timing control for the {TESLA} linear collider},
  author={Gamp, A. and Liepe, M. and Plawski, T. and Rehlich, K. and Simrock, S. N.},
  booktitle={XIX International Linear Accelerator Conference},
  volume={98},
  year={1998}
}


@inproceedings{winter_high_2006,
  title = {High-precision laser master oscillators for optical timing distribution systems in future light sources},
  author = {Winter, Axel and Schm{\"u}ser, Peter and Ludwig, Frank and Schlarb, Holger and Chen, Jeff and K{\"a}rtner, Franz X. and Ilday, F. {\"O}mer},
  booktitle ={Proceedings of EPAC},
  year ={2006}
}


@misc{ieee_xplore,
	title = {IEEE Xplore digital library},
	url = {http://ieeexplore.ieee.org},
	urldate = {2016-05-29},
	author = {{Institute of Electrical and Electronics Engineers (IEEE)}}
}

@misc{springer_online,
	title = {Springer Online library},
	url = {http://www.springer.com/gb/computer-science},
	urldate = {2016-05-29},
	author = {Springer}
}


@misc{acm_dl,
	title = {{ACM} digital library},
	url = {http://dl.acm.org/},
	urldate = {2016-05-29},
	author = {{Association for Computing Machinery (ACM)}}
}

@misc{google_scholar,
	title = {Google Scholar},
	url = {https://scholar.google.com/},
	urldate = {2016-05-29},
	author = {{Google Inc.}}
}

@misc{psu_citeSeerx,
	title = {CiteSeerX},
	url = {http://citeseerx.ist.psu.edu/},
	urldate = {2016-05-29},
	author = {{Pennssylvania State University}}
}


@misc{google_books,
	title = {Google Books},
	url = {https://books.google.com/},
	urldate = {2016-05-29},
	author = {{Google Inc.}}
}

@misc{kreider_wishbone_2015,
	title = {Wishbone for Cocotb},
	url = {https://github.com/potentialventures/cocotb/tree/wishbone},
	journal = {Cocotb},
	author = {Kreider, Mathias},
	month = nov,
	year = {2015}
}


@misc{mentor_questa_2013,
	title = {Questa Advanced Simulator v10.2},
	url = {https://www.mentor.com/products/fv/questa/},
	urldate = {2016-05-29},
	author = {{Mentor Graphics}},
  year = {1991 -- 2013} 
}

@misc{altera_quartus_2016,
	title = {Quartus Prime Design Software v16.0.2},
	url = {https://www.altera.com/products/design-software/fpga-design/quartus-prime/overview.html},
	urldate = {2016-05-29},
	author = {{Altera Corp.}},
  year = {1991 -- 2016}
}


@misc{anl_epics_2016,
	title = {{Experimental Physics and Industrial Control System (EPICS)}},
	url = {http://www.aps.anl.gov/epics/},
	urldate = {2016-05-29},
	author = {{Argonne National Laboratory}},
  year = {1995 -- 2016}
}

@misc{fair_detailed_2012,
	title = {Detailed Specification of the {FAIR} Accelerator Control System Component „{General Machine Timing System}“},
	author = {{Facility for Anti-Proton and Ion Research (FAIR)}},
  month = aug,
  year = {2012}
}

@misc{fair_overview_2016,
	title = {Overview of {FAIR} accelerator},
  url = {https://static1.bmbfcluster.de/5/4/8/4_cb57bb50968c33b/5484abg_62da0208476191f.jpg}, 
	author = {{Facility for Anti-Proton and Ion Research (FAIR)}},
  month = aug,
  year = {2016}
}

@misc{cern_overview_2016,
	title = {Overview of {CERN} accelerator},
  url = {http://www.stfc.ac.uk/stfc/includes/themes/MuraSTFC/assets/legacy/LHCinteractive/LHC_default.jpg}, 
	author = {{European Centre for Nuclear Research (CERN)}},
  month = aug,
  year = {2016}
}

@book{cormen_introduction_2009,
	title = {Introduction to algorithms},
	isbn = {978-0-262-03384-8},
	publisher = {{Massachusetts Institute of Technology}},
	author = {Cormen, Thomas H.},
	year = {2009}
}

@misc{gnu_gcc_2007,
	title = {{GNU Compiler Collection Manual}},
	url = {https://gcc.gnu.org/onlinedocs/gcc-4.2.0/gcc/Explicit-Reg-Vars.html},
	urldate = {2016-05-29},
	author = {{GNU Project}},
  year = {2007} 
}

@article{turing_computable_1937,
  title={On computable numbers, with an application to the Entscheidungsproblem},
  author={Turing, Alan Mathison},
  journal={Proceedings of the London mathematical society},
  volume={2},
  number={1},
  pages={230--265},
  year={1937},
  publisher={Wiley Online Library}
}


@techreport{hoffmann_pexaria5_2013,
	title = {{PEXARIA5 General Description}},
	url = {https://www.gsi.de/fileadmin/EE/Module/EXPLODER/pexaria5_14.pdf},
	urldate = {2016-01-11},
	author = {Hoffmann, Jan},
	month = oct,
	year = {2013},
}

@techreport{hoffmann_exploder3_2012,
	title = {{EXPLODER3 preliminary specification}},
	url = {https://www.gsi.de/fileadmin/EE/Module/EXPLODER/exploder3_v4.pdf},
	urldate = {2016-01-11},
	author = {Hoffmann, Jan},
	month = aug,
	year = {2013},
}

@techreport{hoffmann_vetar2_2013,
	title = {{VETAR2 preliminary specification}},
	url = {https://www.gsi.de/fileadmin/EE/Module/Dokumente/vetar2_8.pdf},
	urldate = {2016-01-11},
	author = {Hoffmann, Jan},
	month = oct,
	year = {2013},
}

@misc{open_6th_2012,
	title = {{6th White Rabbit Workshop}},
	url = {http://www.ohwr.org/projects/white-rabbit/wiki/Mar2012Meeting},
	urldate = {2016-05-29},
	author = {{Open Hardware Repository (OHWR)}},
  year = {2002012} 
}

@misc{ieee_802.3_2015,
	title = {{IEEE 802.3 Ethernet Standard}},
	url = {http://standards.ieee.org/getieee802/download/802.3-2015.zip},
	urldate = {2016-05-29},
	author = {{IEEE Standards Association}},
  year = {2015} 
}

@inproceedings{bondorf_improving_2016,
  title={Improving Cross-Traffic Bounds in Feed-Forward Networks--There is a Job for Everyone},
  author={Bondorf, Steffen and Schmitt, Jens},
  booktitle={International GI/ITG Conference on Measurement, Modelling, and Evaluation of Computing Systems and Dependability and Fault Tolerance},
  pages={9--24},
  year={2016},
  publisher={Springer}
}

@misc{gnu_octave_2017,
	title = {{Octave Scientific Programming Language}},
	url = {https://www.gnu.org/software/octave/},
	urldate = {2016-05-29},
	author = {{GNU Project}},
        year = {1992 -- 2017} 
}

@INPROCEEDINGS{aes_fpga_2016,
author={D. Yadav and A. Rajawat},
booktitle={IEEE International Symposium on Nanoelectronic and Information Systems (iNIS)},
title={Area and Throughput Analysis of Different AES Architectures for FPGA Implementations},
year={2016},
pages={67-71},
doi={10.1109/iNIS.2016.026},
month=dec}

@article{essen_atomic_1955,
  title={An atomic standard of frequency and time interval: a caesium resonator},
  author={Essen, L and Parry, JVL},
  journal={Nature},
  volume={176},
  number={4476},
  pages={280--282},
  year={1955},
  publisher={Springer}
}

@misc{widmer_partitioned_2001,
  title={Partitioned DC balanced (0,6) 16B/18B transmission code with error correction},
  author={Widmer, A.X.},
  url={https://www.google.com/patents/US6198413},
  year={2001},
  month=mar,
  publisher={Google Patents},
  note={US Patent 6,198,413}
}


